<record><leader>00000cas a22000007a 4500</leader><controlfield tag="001">11006952</controlfield><controlfield tag="008">840731d18641929inucr ne      0    0eng d</controlfield><datafield ind1=" " ind2=" " tag="010"><subfield code="a">sn 84027295 </subfield></datafield><datafield ind1=" " ind2=" " tag="040"><subfield code="a">NPU</subfield><subfield code="b">eng</subfield><subfield code="c">NPU</subfield><subfield code="d">NPX</subfield><subfield code="d">NPI</subfield><subfield code="d">NYS</subfield><subfield code="d">OCLCQ</subfield></datafield><datafield ind1=" " ind2=" " tag="042"><subfield code="a">msc</subfield></datafield><datafield ind1="0" ind2=" " tag="130"><subfield code="a">Columbia City post (Columbia City, Ind. : Weekly)</subfield></datafield><datafield ind1="1" ind2="4" tag="245"><subfield code="a">The Columbia City post.</subfield></datafield><datafield ind1=" " ind2=" " tag="250"><subfield code="a">[Weekly ed.].</subfield></datafield><datafield ind1=" " ind2=" " tag="260"><subfield code="a">Columbia City, Ind. :</subfield><subfield code="b">E. Zimmerman</subfield></datafield><datafield ind1=" " ind2=" " tag="300"><subfield code="a">v.</subfield></datafield><datafield ind1=" " ind2=" " tag="310"><subfield code="a">Semiweekly</subfield></datafield><datafield ind1=" " ind2=" " tag="321"><subfield code="a">Weekly,</subfield><subfield code="b">1864-&lt;1904&gt;</subfield></datafield><datafield ind1="1" ind2=" " tag="362"><subfield code="a">Began in 1864; ceased in 1929?</subfield></datafield><datafield ind1=" " ind2=" " tag="500"><subfield code="a">"Columbia City" appears within title ornament, &lt;1873&gt;-Dec. 29, 1928.</subfield></datafield><datafield ind1=" " ind2=" " tag="500"><subfield code="a">"Democratic."</subfield></datafield><datafield ind1=" " ind2=" " tag="580"><subfield code="a">Daily eds.: Evening post (Columbia City, Ind.), &lt;1907-1912&gt;; Columbia City post (Columbia City, Ind. : Daily), &lt;1929&gt;.</subfield></datafield><datafield ind1=" " ind2=" " tag="588"><subfield code="a">Description based on: Vol. 1, no. 2 (July 6, 1864).</subfield></datafield><datafield ind1=" " ind2=" " tag="752"><subfield code="a">United States</subfield><subfield code="b">Indiana</subfield><subfield code="c">Whitley</subfield><subfield code="d">Columbia City.</subfield></datafield><datafield ind1="1" ind2=" " tag="775"><subfield code="t">Evening post (Columbia City, Ind.)</subfield><subfield code="w">(DLC)sn 91066669</subfield><subfield code="w">(OCoLC)24463183</subfield></datafield><datafield ind1="1" ind2=" " tag="775"><subfield code="t">Columbia City post (Columbia City, Ind. : Daily)</subfield><subfield code="w">(DLC)sn 87055187</subfield></datafield><datafield ind1="0" ind2="0" tag="780"><subfield code="t">Columbia City news</subfield><subfield code="w">(DLC)sn 87055268</subfield></datafield></record>